
@inproceedings{
  KyTea,
  title={Pointwise prediction for robust, adaptable Japanese morphological analysis},
  author={Neubig, Graham and Nakata, Yosuke and Mori, Shinsuke},
  booktitle={Proceedings of the 49th Annual Meeting of the Association for Computational Linguistics: Human Language Technologies: short papers-Volume 2},
  pages={529--533},
  year={2011},
  organization={Association for Computational Linguistics}
}

@article{1573106361610039296,
author="大久保, 祐作 and 會場, 健大",
title="p値とは何だったのか : Fisherの有意性検定とNeyman-Pearsonの仮説検定を超えるために",
journal="生物科学 = Biological science",
ISSN="0045-2033",
publisher="日本生物科学者協会 ; 1949-2019",
year="2019",
month="04",
volume="70",
number="4",
pages="238-251",
URL="https://cir.nii.ac.jp/crid/1573106361610039296"
}
@article{published_papers/18436201,
title = {帰納的推論ツールとしての統計的仮説検定―有意性検定論争と統計改革 ―},
author = {土居淳子},
journal = {京都光華女子大学人間関係学会 年報人間関係学},
number = {13},
year = {2010},
URL={http://id.nii.ac.jp/1108/00000823/}
}

@article{ASA_JA,
title = {統計的有意性と P 値に関する ASA 声明},
author = {佐藤俊哉},
journal = {日本計量生物学会},
year = {2017}
}


@book{2020医療統計解析使いこなし実践ガイド,
  title={医療統計解析使いこなし実践ガイド: },
  isbn={9784758102483},
  url={https://books.google.co.jp/books?id=0\_iozQEACAAJ},
  year={2020},
  publisher={羊土社}
}

@article{佐藤_俊哉2018,
  title={ASA声明と疫学研究における<i>P</i>値},
  author={佐藤 俊哉},
  journal={計量生物学},
  volume={38},
  number={2},
  pages={109-115},
  year={2018},
  doi={10.5691/jjb.38.109}
}

@book{2012統計科学の基礎,
  title={統計科学の基礎: データと確率の結びつきがよくわかる数理},
  isbn={9784535787001},
  author={白石高章},
  url={https://books.google.co.jp/books?id=JDKbMQEACAAJ},
  year={2012},
  publisher={日本評論社}
}



@book{199005数理統計,
  title={入門・演習　数理統計},
  isbn={9784320014350},
  author={野田 一雄,宮岡 悦良},
  url={https://books.google.co.jp/books?id=JDKbMQEACAAJ},
  year={1990/05/01},
  publisher={共立出版}
}

@book{サルツブルグ2021誤差,
  title={「誤差」「大間違い」「ウソ」を見分ける統計学},
  author={サルツブルグデイヴィッド},
  isbn={9784320114500},
  url={https://books.google.co.jp/books?id=yD6LzgEACAAJ},
  year={2021},
  publisher={共立出版}
}


@book{1973確率,
  title={確率・統計入門},
  isbn={9784000051576},
  url={https://books.google.co.jp/books?id=oWFvAAAACAAJ},
  year={1973},
  publisher={岩波書店}
}
@book{1963数理統計学,
  title={数理統計学: データ解析の方法},
  isbn={9784492470046},
  url={https://books.google.co.jp/books?id=fSo8DwAAQBAJ},
  year={1963},
  publisher={東洋経済新報社}
}
@book{2009統計的機械学習,
  title={統計的機械学習: 生成モデルに基づくパターン認識},
  isbn={9784274502484},
  series={Tokyo tech be-text},
  url={https://books.google.co.jp/books?id=yK-IQgAACAAJ},
  year={2009},
  publisher={オーム社}
}
@book{2005確率と統計,
  title={確率と統計: 情報学への架橋},
  isbn={9784339060775},
  url={https://books.google.co.jp/books?id=C165PAAACAAJ},
  year={2005},
  publisher={コロナ社}
}
@book{2016統計学,
  title={統計学},
  isbn={9784130629218},
  lccn={2017447597},
  url={https://books.google.co.jp/books?id=fpVYvgAACAAJ},
  year={2016},
  publisher={東京大学出版会}
}
@book{2017現代数理統計学の基礎,
  title={現代数理統計学の基礎},
  isbn={9784320111660},
  series={共立講座数学の魅力},
  url={https://books.google.co.jp/books?id=cUTbtAEACAAJ},
  year={2017},
  publisher={共立出版}
}
@book{2020現代数理統計学,
  title={現代数理統計学},
  isbn={9784780608601},
  url={https://books.google.co.jp/books?id=OY8dzgEACAAJ},
  year={2020},
  publisher={学術図書出版社}
}
@book{2012データ解析のための統計モデリング入門,
  title={データ解析のための統計モデリング入門: 一般化線形モデル・階層ベイズモデル・MCMC},
  isbn={9784000069731},
  series={確率と情報の科学 / 甘利俊一, 麻生英樹, 伊庭幸人編},
  url={https://books.google.co.jp/books?id=ZaEoLgEACAAJ},
  year={2012},
  publisher={岩波書店}
}

@book{2018統計思考の世界,
  title={統計思考の世界: 曼荼羅で読み解くデータ解析の基礎},
  isbn={9784774197531},
  lccn={2019385121},
  url={https://books.google.co.jp/books?id=\_1d1twEACAAJ},
  year={2018},
  publisher={技術評論社}
}

@article{塩見_正衛2021,
  title={仮説検定と<i>p</i>値問題：草地学・農学における統計的手法の正しい利用のために},
  author={塩見 正衛},
  journal={日本草地学会誌},
  volume={66},
  number={4},
  pages={209-215},
  year={2021},
  doi={10.14941/grass.66.209}
}
% 検定力に対する認知科学系の見解
@article{2011_SUZUKAWA,
  title={『認知科学』における効果量と検定力，その必要性},
  author={鈴川 由美 and 豊田 秀樹},
  journal={認知科学},
  volume={18},
  number={1},
  pages={202-222},
  year={2011},
  doi={10.11225/jcss.18.202}
}


@article{2011_SUZUKAWA,
  title={Type II error と Power analysis},
  author={大垣俊一},
  journal={Argonauta},
  number={11},
  pages={3-16},
  year={2005},

}
@article{池田_功毅2016,
  title={心理学における再現可能性危機：問題の構造と解決策},
  author={池田 功毅 and 平石 界},
  journal={心理学評論},
  volume={59},
  number={1},
  pages={3-14},
  year={2016},
  doi={10.24602/sjpr.59.1_3}
}


@article{中村_大輝2021sp20016,
  title={理科教育学における再現性の危機とその原因},
  author={中村 大輝 and 原田 勇希 and 久坂 哲也 and 雲財 寛 and 松浦 拓也},
  journal={理科教育学研究},
  volume={62},
  number={1},
  pages={3-22},
  year={2021},
  doi={10.11639/sjst.sp20016}
}

@article{kerr1998harking,
  title={HARKing: Hypothesizing after the results are known},
  author={Kerr, Norbert L},
  journal={Personality and social psychology review},
  volume={2},
  number={3},
  pages={196--217},
  year={1998},
  publisher={Sage Publications Sage CA: Los Angeles, CA}
}


@book{idiot_statistics2014,
  title={ダメな統計学},
  author={アレックス・ラインハート〔著〕西原 史暁〔訳〕},
  year={2014},
  publisher={Sage Publications Sage CA: Los Angeles, CA}
}

@article{GOODMAN2008135,
title = {A Dirty Dozen: Twelve P-Value Misconceptions},
journal = {Seminars in Hematology},
volume = {45},
number = {3},
pages = {135-140},
year = {2008},
note = {Interpretation of Quantitative Research},
issn = {0037-1963},
doi = {https://doi.org/10.1053/j.seminhematol.2008.04.003},
url = {https://www.sciencedirect.com/science/article/pii/S0037196308000620},
author = {Steven Goodman},
}

@article{SUZUKI_SESD,
title={標準偏差と標準誤差：どちらを使うべきか？},
author={鈴木力憲},
url={http://www.acs.dis.titech.ac.jp/suzuki/sdandse.pdf},
}

@article{池田郁男2013統計検定を理解せずに使っている人のために,
  title={統計検定を理解せずに使っている人のために I},
  author={池田郁男},
  journal={化学と生物},
  volume={51},
  number={5},
  pages={318--325},
  year={2013},
  publisher={公益社団法人 日本農芸化学会}
}

@article{池田郁男2019改訂増補版,
  title={改訂増補版: 統計検定を理解せずに使っている人のために II},
  author={池田郁男},
  journal={化学と生物},
  volume={57},
  number={9},
  pages={562--579},
  year={2019},
  publisher={公益社団法人 日本農芸化学会}
}
@book{2010毒性試験に用いる統計解析法の動向,
  title={毒性試験に用いる統計解析法の動向 2010: },
  isbn={9784840811149},
  url={https://books.google.co.jp/books?id=fe1m\_rxARgEC},
  year={2010},
  publisher={薬事日報社}
}
@book{norleans2004臨床試験のための統計的方法,
  title={臨床試験のための統計的方法},
  author={Norleans, M.X.},
  isbn={9784860790035},
  url={https://books.google.co.jp/books?id=wWGcGAAACAAJ},
  year={2004},
  publisher={サイエンティスト社}
}


@book{誤差の取り扱い_神戸大学,
  title={誤差の取り扱い},
  author={光田暁弘},
  url={https://www.sci.u-toyama.ac.jp/phys/4ken/jikken/error.pdf},
  year={2005},
}
@article{鳥類学における統計学_2018,
  title={鳥類学における統計学：計算より概念 ―P 値を出す統計，モデルベースの統計―},
  author={森元良太（北海道医療大学），島谷健一郎（統計数理研究所）},
  journal={日本鳥学会誌},
  year={2018},
  pages={148-161},
  volume={67},
  number={1},
  url={https://www.jstage.jst.go.jp/article/jjo/67/1/67_148/_pdf/-char/ja},
}

@book{日本数学会2007岩波数学辞典,
  title={岩波数学辞典},
  author={日本数学会},
  isbn={9784000803090},
  url={https://books.google.co.jp/books?id=fpQvAQAAIAAJ},
  year={2007},
  publisher={岩波書店}
}

@book{upton2010統計学辞典,
  title={統計学辞典},
  author={Upton, G.},
  isbn={9784320019393},
  url={https://books.google.co.jp/books?id=\_2AjkgAACAAJ},
  year={2010},
  publisher={共立出版}
}

@book{2009数理統計ハンドブック,
  title={数理統計ハンドブック},
  isbn={9784872119824},
  url={https://books.google.co.jp/books?id=p7hgQwAACAAJ},
  year={2009},
  publisher={みみずく舎}
}
@article{Error_bar_nature,
author="Krzywinski, Martin,Altman, Naomi",
title="Error bars",
journal="Nature Methods",
ISSN="0045-2033",
publisher="Nature",
year="2013",
month="10",
volume="10",
number="10",
pages="921-92",
URL="10.1038/nmeth.2659"
}

@article{krzywinski2013importance,
  title={Importance of being uncertain},
  author={Krzywinski, Martin and Altman, Naomi},
  journal={Nature methods},
  volume={10},
  number={9},
  pages={809--811},
  year={2013},
  publisher={Nature Publishing Group}
}
# 心理学系 読んだけど、引用はしない
@article{小杉_考司201937.25,
  title={新しい統計学とのつきあい方},
  author={小杉 考司},
  journal={基礎心理学研究},
  volume={37},
  number={2},
  pages={167-173},
  year={2019},
  doi={10.14947/psychono.37.25}
}
@article{清水裕士2018心理学におけるベイズ統計モデリング,
  title={心理学におけるベイズ統計モデリング},
  author={清水裕士},
  journal={心理学評論},
  volume={61},
  number={1},
  pages={22--41},
  year={2018},
  publisher={心理学評論刊行会}
}
@article{竹澤正哲2018心理学におけるモデリングの必要性,
  title={心理学におけるモデリングの必要性},
  author={竹澤正哲},
  journal={心理学評論},
  volume={61},
  number={1},
  pages={42--54},
  year={2018},
  publisher={心理学評論刊行会}
}
# http://team1mile.com/sjpr61-1/
# http://chitosepress.com/blog/wp-content/uploads/2019/11/PsyNaviBooklet_Vol008_201911.pdf

@article{1570854174583769344,
author="赤池弘次",
title="AICとMDLとBIC",
journal="オペレーションズ リサーチ",
year="1996",
volume="1996",
pages="375-378",
URL="https://cir.nii.ac.jp/crid/1570854174583769344"
}

@book{2003サンプルサイズの決め方,
  title={サンプルサイズの決め方},
  isbn={9784254126655},
  series={統計ライブラリー},
  url={https://books.google.co.jp/books?id=jeROAAAACAAJ},
  year={2003},
  publisher={朝倉書店}
}
